<record><leader>00000cas a22000007a 4500</leader><controlfield tag="001">26043711</controlfield><controlfield tag="008">920618d18951928riuwr ne      0    0eng d</controlfield><datafield ind1=" " ind2=" " tag="010"><subfield code="a">sn 92064116 </subfield></datafield><datafield ind1=" " ind2=" " tag="040"><subfield code="a">RHN</subfield><subfield code="b">eng</subfield><subfield code="c">RHN</subfield><subfield code="d">OCLCQ</subfield></datafield><datafield ind1=" " ind2=" " tag="042"><subfield code="a">msc</subfield></datafield><datafield ind1="0" ind2="0" tag="245"><subfield code="a">Cranston city times.</subfield></datafield><datafield ind1=" " ind2=" " tag="260"><subfield code="a">Auburn, Cranston, R.I. :</subfield><subfield code="b">Thomas S. Hammond</subfield></datafield><datafield ind1=" " ind2=" " tag="300"><subfield code="a">v.</subfield></datafield><datafield ind1=" " ind2=" " tag="310"><subfield code="a">Weekly</subfield></datafield><datafield ind1="0" ind2=" " tag="362"><subfield code="a">Vol. 1, no. 1 (May 7, 1895)-v. 32, no. 129 (Jan. 6, 1928).</subfield></datafield><datafield ind1=" " ind2=" " tag="500"><subfield code="a">Published in Providence, R.I., July 8, 1926-Jan. 6, 1928.</subfield></datafield><datafield ind1=" " ind2="4" tag="651"><subfield code="a">Cranston (R.I.)</subfield><subfield code="v">Newspapers.</subfield></datafield><datafield ind1=" " ind2=" " tag="752"><subfield code="a">United States</subfield><subfield code="b">Rhode Island</subfield><subfield code="c">Providence</subfield><subfield code="d">Providence.</subfield></datafield><datafield ind1="0" ind2="4" tag="785"><subfield code="t">Cranston news</subfield><subfield code="w">(DLC)sn 92064117</subfield></datafield><datafield ind1="1" ind2=" " tag="029"><subfield code="a">AU@</subfield><subfield code="b">000020713512</subfield></datafield></record>